%%%%%%%%%%%%%%%%%%%%%%%%%%%%%%%%%%%%%%%%%%%%%%%%%%%%%%%%%%%%%%%%%%%%%%%%%%%
% You will put your bibliography in this file, use "online" for web
%%%%%%%%%%%%%%%%%%%%%%%%%%%%%%%%%%%%%%%%%%%%%%%%%%%%%%%%%%%%%%%%%%%%%%%%%%%

@online{web003,
  title = {Word2vec},
  url ={https://www.tensorflow.org/tutorials/word2vec},
}
@online{web005,
        title={LSTM-analyticsvidhya},
        url={https://www.analyticsvidhya.com/blog/2017/12/fundamentals-of-deep-learning-introduction-to-lstm}}        
@online{web006,
  title = {Python Def.},
  url ={https://en.wikipedia.org/wiki/Python_(programming_language)},
}  
@online{web007,
  title = {Advantages-and-Disadvantages-of-Python},
  url ={https://www.quora.com/What-are-advantages-and-disadvantages-of-Python},
} 
@online{web008,
  title = {GPUs},
  url ={https://en.wikipedia.org/wiki/Graphics_processing_unit#Hardware},
} 
@online{web009,
  title = {nVIDIA},
  url ={https://en.wikipedia.org/wiki/Nvidia},
} 
@online{web010,
  title = {HW acceleration},
  url ={https://en.wikipedia.org/wiki/Hardware_acceleration},
} 
@online{web011,
  title = {NLP},
  url ={https://en.wikipedia.org/wiki/Natural_language_processing},
} 
@online{web012,
  title = {NLM},
  url ={https://machinelearningmastery.com/statistical-language-modeling-and-neural-language-models},
}
@online{web013,
  title = {dynamic Rnn},
  url ={https://r2rt.com/recurrent-neural-networks-in-tensorflow-ii.html},
}
@online{web014,
  title = {Unrolling Rnn},
  url ={https://machinelearningmastery.com/rnn-unrolling},
}
@online{web015,
  title = {seq2seq learning with NNs},
  url ={https://arxiv.org/pdf/1409.3215.pdf},
}
@online{web016,
  title = {NMT with seq2seq},
  url ={https://github.com/stanfordnlp/cs224n-winter17-notes/blob/master/notes6.pdf},
}
@online{web017,
  title = {NMT-seq2seq},
  url ={https://github.com/tensorflow/nmt},
}
@online{web018,
  title = {encoder-decoder},
  url ={https://github.com/Hvass-Labs/TensorFlow-Tutorials/blob/master/21_Machine_Translation.ipynb},
}
@online{web019,
  title = {Attention in DNN},
  url ={http://www.wildml.com/2016/01/attention-and-memory-in-deep-learning-and-nlp},
}
@online{web020,
  title = {Areas Attention},
  url ={https://machinelearningmastery.com/attention-long-short-term-memory-recurrent-neural-networks},
}
@online{web021,
  title = {GRUs paper},
  url ={https://arxiv.org/pdf/1412.3555.pdf},
}
@online{web022,
  title = {LSTMs paper},
  url ={http://www.bioinf.jku.at/publications/older/2604.pdf},
}
@online{web023,
  title = {RNNs paper1},
  url ={https://arxiv.org/pdf/1409.2329.pdf},
}
@online{web024,
  title = {RNNs paper2},
  url ={https://arxiv.org/pdf/1512.05287.pdf},
}
%%%%%%%%%%%%%%%%%%%%%%%%%%%%%%%%%%%%%%%%%%%%%%%%%%%%%%%%%%%%%%%%%%%%%%%%%%%%%%%%%%%%%%%%%%%%%%%%%%%%%%%%%%%
